%YAML 1.1
%TAG !u! tag:unity3d.com,2011:
--- !u!1 &3264536261870106871
GameObject:
  m_ObjectHideFlags: 0
  m_CorrespondingSourceObject: {fileID: 0}
  m_PrefabInstance: {fileID: 0}
  m_PrefabAsset: {fileID: 0}
  serializedVersion: 6
  m_Component:
  - component: {fileID: 3264536261870106870}
  m_Layer: 0
  m_Name: model_weapon_mp5
  m_TagString: Untagged
  m_Icon: {fileID: 0}
  m_NavMeshLayer: 0
  m_StaticEditorFlags: 0
  m_IsActive: 1
--- !u!4 &3264536261870106870
Transform:
  m_ObjectHideFlags: 0
  m_CorrespondingSourceObject: {fileID: 0}
  m_PrefabInstance: {fileID: 0}
  m_PrefabAsset: {fileID: 0}
  m_GameObject: {fileID: 3264536261870106871}
  m_LocalRotation: {x: 0, y: 0, z: 0, w: 1}
  m_LocalPosition: {x: 0, y: 0, z: 0}
  m_LocalScale: {x: 1, y: 1, z: 1}
  m_Children:
  - {fileID: 3264536262406328881}
  m_Father: {fileID: 0}
  m_RootOrder: 0
  m_LocalEulerAnglesHint: {x: 0, y: 0, z: 0}
--- !u!1 &3264536262406328882
GameObject:
  m_ObjectHideFlags: 0
  m_CorrespondingSourceObject: {fileID: 0}
  m_PrefabInstance: {fileID: 0}
  m_PrefabAsset: {fileID: 0}
  serializedVersion: 6
  m_Component:
  - component: {fileID: 3264536262406328881}
  m_Layer: 0
  m_Name: pivot
  m_TagString: Untagged
  m_Icon: {fileID: 0}
  m_NavMeshLayer: 0
  m_StaticEditorFlags: 0
  m_IsActive: 1
--- !u!4 &3264536262406328881
Transform:
  m_ObjectHideFlags: 0
  m_CorrespondingSourceObject: {fileID: 0}
  m_PrefabInstance: {fileID: 0}
  m_PrefabAsset: {fileID: 0}
  m_GameObject: {fileID: 3264536262406328882}
  m_LocalRotation: {x: -0, y: 0.6521573, z: -0, w: 0.7580837}
  m_LocalPosition: {x: -0.034, y: 0.185, z: 0.197}
  m_LocalScale: {x: 0.5912098, y: 0.5912098, z: 0.5912098}
  m_Children:
  - {fileID: 4050542221841018806}
  - {fileID: 3867352909713292850}
  - {fileID: 8461561149734670586}
  m_Father: {fileID: 3264536261870106870}
  m_RootOrder: 0
  m_LocalEulerAnglesHint: {x: 0, y: 81.409, z: 0}
--- !u!1 &3890052449191661369
GameObject:
  m_ObjectHideFlags: 0
  m_CorrespondingSourceObject: {fileID: 0}
  m_PrefabInstance: {fileID: 0}
  m_PrefabAsset: {fileID: 0}
  serializedVersion: 6
  m_Component:
  - component: {fileID: 4142673105876330260}
  - component: {fileID: 7208639642616802544}
  - component: {fileID: 1119638055696116739}
  m_Layer: 0
  m_Name: Cube (1)
  m_TagString: Untagged
  m_Icon: {fileID: 0}
  m_NavMeshLayer: 0
  m_StaticEditorFlags: 0
  m_IsActive: 1
--- !u!4 &4142673105876330260
Transform:
  m_ObjectHideFlags: 0
  m_CorrespondingSourceObject: {fileID: 0}
  m_PrefabInstance: {fileID: 0}
  m_PrefabAsset: {fileID: 0}
  m_GameObject: {fileID: 3890052449191661369}
  m_LocalRotation: {x: -0, y: -0, z: -0, w: 1}
  m_LocalPosition: {x: -0.19200003, y: 0.014999993, z: 0}
  m_LocalScale: {x: 1.0237, y: 0.23610173, z: 0.11122133}
  m_Children: []
  m_Father: {fileID: 4050542221841018806}
  m_RootOrder: 1
  m_LocalEulerAnglesHint: {x: 0, y: 0, z: 0}
--- !u!33 &7208639642616802544
MeshFilter:
  m_ObjectHideFlags: 0
  m_CorrespondingSourceObject: {fileID: 0}
  m_PrefabInstance: {fileID: 0}
  m_PrefabAsset: {fileID: 0}
  m_GameObject: {fileID: 3890052449191661369}
  m_Mesh: {fileID: 10202, guid: 0000000000000000e000000000000000, type: 0}
--- !u!23 &1119638055696116739
MeshRenderer:
  m_ObjectHideFlags: 0
  m_CorrespondingSourceObject: {fileID: 0}
  m_PrefabInstance: {fileID: 0}
  m_PrefabAsset: {fileID: 0}
  m_GameObject: {fileID: 3890052449191661369}
  m_Enabled: 1
  m_CastShadows: 1
  m_ReceiveShadows: 1
  m_DynamicOccludee: 1
  m_MotionVectors: 1
  m_LightProbeUsage: 1
  m_ReflectionProbeUsage: 1
  m_RayTracingMode: 2
  m_RayTraceProcedural: 0
  m_RenderingLayerMask: 1
  m_RendererPriority: 0
  m_Materials:
  - {fileID: 10303, guid: 0000000000000000f000000000000000, type: 0}
  m_StaticBatchInfo:
    firstSubMesh: 0
    subMeshCount: 0
  m_StaticBatchRoot: {fileID: 0}
  m_ProbeAnchor: {fileID: 0}
  m_LightProbeVolumeOverride: {fileID: 0}
  m_ScaleInLightmap: 1
  m_ReceiveGI: 1
  m_PreserveUVs: 0
  m_IgnoreNormalsForChartDetection: 0
  m_ImportantGI: 0
  m_StitchLightmapSeams: 1
  m_SelectedEditorRenderState: 3
  m_MinimumChartSize: 4
  m_AutoUVMaxDistance: 0.5
  m_AutoUVMaxAngle: 89
  m_LightmapParameters: {fileID: 0}
  m_SortingLayerID: 0
  m_SortingLayer: 0
  m_SortingOrder: 0
  m_AdditionalVertexStreams: {fileID: 0}
--- !u!1 &8207719772385398488
GameObject:
  m_ObjectHideFlags: 0
  m_CorrespondingSourceObject: {fileID: 0}
  m_PrefabInstance: {fileID: 0}
  m_PrefabAsset: {fileID: 0}
  serializedVersion: 6
  m_Component:
  - component: {fileID: 5254996730692943735}
  - component: {fileID: 8686518780027972233}
  - component: {fileID: 675725125516037943}
  m_Layer: 0
  m_Name: Cube
  m_TagString: Untagged
  m_Icon: {fileID: 0}
  m_NavMeshLayer: 0
  m_StaticEditorFlags: 0
  m_IsActive: 1
--- !u!4 &5254996730692943735
Transform:
  m_ObjectHideFlags: 0
  m_CorrespondingSourceObject: {fileID: 0}
  m_PrefabInstance: {fileID: 0}
  m_PrefabAsset: {fileID: 0}
  m_GameObject: {fileID: 8207719772385398488}
  m_LocalRotation: {x: -0, y: -0, z: -0, w: 1}
  m_LocalPosition: {x: 0.28600004, y: -0.23000002, z: 0}
  m_LocalScale: {x: 0.30010843, y: 0.51172, z: 0.11122133}
  m_Children: []
  m_Father: {fileID: 4050542221841018806}
  m_RootOrder: 0
  m_LocalEulerAnglesHint: {x: 0, y: 0, z: 0}
--- !u!33 &8686518780027972233
MeshFilter:
  m_ObjectHideFlags: 0
  m_CorrespondingSourceObject: {fileID: 0}
  m_PrefabInstance: {fileID: 0}
  m_PrefabAsset: {fileID: 0}
  m_GameObject: {fileID: 8207719772385398488}
  m_Mesh: {fileID: 10202, guid: 0000000000000000e000000000000000, type: 0}
--- !u!23 &675725125516037943
MeshRenderer:
  m_ObjectHideFlags: 0
  m_CorrespondingSourceObject: {fileID: 0}
  m_PrefabInstance: {fileID: 0}
  m_PrefabAsset: {fileID: 0}
  m_GameObject: {fileID: 8207719772385398488}
  m_Enabled: 1
  m_CastShadows: 1
  m_ReceiveShadows: 1
  m_DynamicOccludee: 1
  m_MotionVectors: 1
  m_LightProbeUsage: 1
  m_ReflectionProbeUsage: 1
  m_RayTracingMode: 2
  m_RayTraceProcedural: 0
  m_RenderingLayerMask: 1
  m_RendererPriority: 0
  m_Materials:
  - {fileID: 10303, guid: 0000000000000000f000000000000000, type: 0}
  m_StaticBatchInfo:
    firstSubMesh: 0
    subMeshCount: 0
  m_StaticBatchRoot: {fileID: 0}
  m_ProbeAnchor: {fileID: 0}
  m_LightProbeVolumeOverride: {fileID: 0}
  m_ScaleInLightmap: 1
  m_ReceiveGI: 1
  m_PreserveUVs: 0
  m_IgnoreNormalsForChartDetection: 0
  m_ImportantGI: 0
  m_StitchLightmapSeams: 1
  m_SelectedEditorRenderState: 3
  m_MinimumChartSize: 4
  m_AutoUVMaxDistance: 0.5
  m_AutoUVMaxAngle: 89
  m_LightmapParameters: {fileID: 0}
  m_SortingLayerID: 0
  m_SortingLayer: 0
  m_SortingOrder: 0
  m_AdditionalVertexStreams: {fileID: 0}
--- !u!1 &8951955048741628385
GameObject:
  m_ObjectHideFlags: 0
  m_CorrespondingSourceObject: {fileID: 0}
  m_PrefabInstance: {fileID: 0}
  m_PrefabAsset: {fileID: 0}
  serializedVersion: 6
  m_Component:
  - component: {fileID: 4050542221841018806}
  m_Layer: 0
  m_Name: ref_gun
  m_TagString: Untagged
  m_Icon: {fileID: 0}
  m_NavMeshLayer: 0
  m_StaticEditorFlags: 0
  m_IsActive: 0
--- !u!4 &4050542221841018806
Transform:
  m_ObjectHideFlags: 0
  m_CorrespondingSourceObject: {fileID: 0}
  m_PrefabInstance: {fileID: 0}
  m_PrefabAsset: {fileID: 0}
  m_GameObject: {fileID: 8951955048741628385}
  m_LocalRotation: {x: 0, y: 0, z: 0, w: 1}
  m_LocalPosition: {x: 0, y: 0, z: 0}
  m_LocalScale: {x: 1, y: 1, z: 1}
  m_Children:
  - {fileID: 5254996730692943735}
  - {fileID: 4142673105876330260}
  m_Father: {fileID: 3264536262406328881}
  m_RootOrder: 0
  m_LocalEulerAnglesHint: {x: 0, y: 0, z: 0}
--- !u!1001 &3567464583217954443
PrefabInstance:
  m_ObjectHideFlags: 0
  serializedVersion: 2
  m_Modification:
    m_TransformParent: {fileID: 3264536262406328881}
    m_Modifications:
    - target: {fileID: 4301064612046571066, guid: a5bfce179e223a54698f2d0223678028, type: 3}
      propertyPath: m_LocalScale.x
      value: 1.0255517
      objectReference: {fileID: 0}
    - target: {fileID: 4301064612046571066, guid: a5bfce179e223a54698f2d0223678028, type: 3}
      propertyPath: m_LocalScale.y
      value: 0.25638792
      objectReference: {fileID: 0}
    - target: {fileID: 4301064612046571066, guid: a5bfce179e223a54698f2d0223678028, type: 3}
      propertyPath: m_LocalScale.z
      value: 0.25638795
      objectReference: {fileID: 0}
    - target: {fileID: 4301064612046571066, guid: a5bfce179e223a54698f2d0223678028, type: 3}
      propertyPath: m_LocalPosition.x
      value: 0.487
      objectReference: {fileID: 0}
    - target: {fileID: 4301064612046571066, guid: a5bfce179e223a54698f2d0223678028, type: 3}
      propertyPath: m_LocalPosition.y
      value: -0.124
      objectReference: {fileID: 0}
    - target: {fileID: 4301064612046571066, guid: a5bfce179e223a54698f2d0223678028, type: 3}
      propertyPath: m_LocalPosition.z
      value: 0.228
      objectReference: {fileID: 0}
    - target: {fileID: 4967381516726333041, guid: a5bfce179e223a54698f2d0223678028, type: 3}
      propertyPath: m_RootOrder
      value: 2
      objectReference: {fileID: 0}
    - target: {fileID: 4967381516726333041, guid: a5bfce179e223a54698f2d0223678028, type: 3}
      propertyPath: m_LocalPosition.x
      value: 0
      objectReference: {fileID: 0}
    - target: {fileID: 4967381516726333041, guid: a5bfce179e223a54698f2d0223678028, type: 3}
      propertyPath: m_LocalPosition.y
      value: 0
      objectReference: {fileID: 0}
    - target: {fileID: 4967381516726333041, guid: a5bfce179e223a54698f2d0223678028, type: 3}
      propertyPath: m_LocalPosition.z
      value: 0
      objectReference: {fileID: 0}
    - target: {fileID: 4967381516726333041, guid: a5bfce179e223a54698f2d0223678028, type: 3}
      propertyPath: m_LocalRotation.w
      value: 1
      objectReference: {fileID: 0}
    - target: {fileID: 4967381516726333041, guid: a5bfce179e223a54698f2d0223678028, type: 3}
      propertyPath: m_LocalRotation.x
      value: 0
      objectReference: {fileID: 0}
    - target: {fileID: 4967381516726333041, guid: a5bfce179e223a54698f2d0223678028, type: 3}
      propertyPath: m_LocalRotation.y
      value: 0
      objectReference: {fileID: 0}
    - target: {fileID: 4967381516726333041, guid: a5bfce179e223a54698f2d0223678028, type: 3}
      propertyPath: m_LocalRotation.z
      value: 0
      objectReference: {fileID: 0}
    - target: {fileID: 4967381516726333041, guid: a5bfce179e223a54698f2d0223678028, type: 3}
      propertyPath: m_LocalEulerAnglesHint.x
      value: 0
      objectReference: {fileID: 0}
    - target: {fileID: 4967381516726333041, guid: a5bfce179e223a54698f2d0223678028, type: 3}
      propertyPath: m_LocalEulerAnglesHint.y
      value: 0
      objectReference: {fileID: 0}
    - target: {fileID: 4967381516726333041, guid: a5bfce179e223a54698f2d0223678028, type: 3}
      propertyPath: m_LocalEulerAnglesHint.z
      value: 0
      objectReference: {fileID: 0}
    - target: {fileID: 7881525116283476064, guid: a5bfce179e223a54698f2d0223678028, type: 3}
      propertyPath: m_LocalScale.x
      value: 1.3374802
      objectReference: {fileID: 0}
    - target: {fileID: 7881525116283476064, guid: a5bfce179e223a54698f2d0223678028, type: 3}
      propertyPath: m_LocalScale.y
      value: 0.2628902
      objectReference: {fileID: 0}
    - target: {fileID: 7881525116283476064, guid: a5bfce179e223a54698f2d0223678028, type: 3}
      propertyPath: m_LocalScale.z
      value: 0.26289022
      objectReference: {fileID: 0}
    - target: {fileID: 7881525116283476064, guid: a5bfce179e223a54698f2d0223678028, type: 3}
      propertyPath: m_LocalPosition.x
      value: 0.056
      objectReference: {fileID: 0}
    - target: {fileID: 7881525116283476064, guid: a5bfce179e223a54698f2d0223678028, type: 3}
      propertyPath: m_LocalPosition.y
      value: -0.193
      objectReference: {fileID: 0}
    - target: {fileID: 7881525116283476064, guid: a5bfce179e223a54698f2d0223678028, type: 3}
      propertyPath: m_LocalPosition.z
      value: -0.366
      objectReference: {fileID: 0}
    - target: {fileID: 7881525116283476064, guid: a5bfce179e223a54698f2d0223678028, type: 3}
      propertyPath: m_LocalRotation.w
      value: 0.94995725
      objectReference: {fileID: 0}
    - target: {fileID: 7881525116283476064, guid: a5bfce179e223a54698f2d0223678028, type: 3}
      propertyPath: m_LocalRotation.x
      value: 0.022098226
      objectReference: {fileID: 0}
    - target: {fileID: 7881525116283476064, guid: a5bfce179e223a54698f2d0223678028, type: 3}
      propertyPath: m_LocalRotation.y
      value: 0.31141597
      objectReference: {fileID: 0}
    - target: {fileID: 7881525116283476064, guid: a5bfce179e223a54698f2d0223678028, type: 3}
      propertyPath: m_LocalRotation.z
      value: -0.010628722
      objectReference: {fileID: 0}
    - target: {fileID: 7881525116283476064, guid: a5bfce179e223a54698f2d0223678028, type: 3}
      propertyPath: m_LocalEulerAnglesHint.x
      value: 2.786
      objectReference: {fileID: 0}
    - target: {fileID: 7881525116283476064, guid: a5bfce179e223a54698f2d0223678028, type: 3}
      propertyPath: m_LocalEulerAnglesHint.y
      value: 36.291
      objectReference: {fileID: 0}
    - target: {fileID: 7881525116283476064, guid: a5bfce179e223a54698f2d0223678028, type: 3}
      propertyPath: m_LocalEulerAnglesHint.z
      value: -0.369
      objectReference: {fileID: 0}
    - target: {fileID: 8938244815276884049, guid: a5bfce179e223a54698f2d0223678028, type: 3}
      propertyPath: m_Name
      value: Hand
      objectReference: {fileID: 0}
    m_RemovedComponents: []
  m_SourcePrefab: {fileID: 100100000, guid: a5bfce179e223a54698f2d0223678028, type: 3}
--- !u!4 &8461561149734670586 stripped
Transform:
  m_CorrespondingSourceObject: {fileID: 4967381516726333041, guid: a5bfce179e223a54698f2d0223678028, type: 3}
  m_PrefabInstance: {fileID: 3567464583217954443}
  m_PrefabAsset: {fileID: 0}
--- !u!1001 &3612205236782225881
PrefabInstance:
  m_ObjectHideFlags: 0
  serializedVersion: 2
  m_Modification:
    m_TransformParent: {fileID: 3264536262406328881}
    m_Modifications:
    - target: {fileID: -8679921383154817045, guid: 2eb3307a3a516c54c8505b335e74ee48, type: 3}
      propertyPath: m_RootOrder
      value: 1
      objectReference: {fileID: 0}
    - target: {fileID: -8679921383154817045, guid: 2eb3307a3a516c54c8505b335e74ee48, type: 3}
      propertyPath: m_LocalScale.x
      value: 0.25001884
      objectReference: {fileID: 0}
    - target: {fileID: -8679921383154817045, guid: 2eb3307a3a516c54c8505b335e74ee48, type: 3}
      propertyPath: m_LocalScale.y
      value: 0.25001884
      objectReference: {fileID: 0}
    - target: {fileID: -8679921383154817045, guid: 2eb3307a3a516c54c8505b335e74ee48, type: 3}
      propertyPath: m_LocalScale.z
      value: 0.25001884
      objectReference: {fileID: 0}
    - target: {fileID: -8679921383154817045, guid: 2eb3307a3a516c54c8505b335e74ee48, type: 3}
      propertyPath: m_LocalPosition.x
      value: -0.135
      objectReference: {fileID: 0}
    - target: {fileID: -8679921383154817045, guid: 2eb3307a3a516c54c8505b335e74ee48, type: 3}
      propertyPath: m_LocalPosition.y
      value: -0.224
      objectReference: {fileID: 0}
    - target: {fileID: -8679921383154817045, guid: 2eb3307a3a516c54c8505b335e74ee48, type: 3}
      propertyPath: m_LocalPosition.z
      value: 0.04
      objectReference: {fileID: 0}
    - target: {fileID: -8679921383154817045, guid: 2eb3307a3a516c54c8505b335e74ee48, type: 3}
      propertyPath: m_LocalRotation.w
      value: 0.72855127
      objectReference: {fileID: 0}
    - target: {fileID: -8679921383154817045, guid: 2eb3307a3a516c54c8505b335e74ee48, type: 3}
      propertyPath: m_LocalRotation.x
      value: 8.5099344e-10
      objectReference: {fileID: 0}
    - target: {fileID: -8679921383154817045, guid: 2eb3307a3a516c54c8505b335e74ee48, type: 3}
      propertyPath: m_LocalRotation.y
      value: -0.6849913
      objectReference: {fileID: 0}
    - target: {fileID: -8679921383154817045, guid: 2eb3307a3a516c54c8505b335e74ee48, type: 3}
      propertyPath: m_LocalRotation.z
      value: 7.5592244e-10
      objectReference: {fileID: 0}
    - target: {fileID: -8679921383154817045, guid: 2eb3307a3a516c54c8505b335e74ee48, type: 3}
      propertyPath: m_LocalEulerAnglesHint.x
      value: 0
      objectReference: {fileID: 0}
    - target: {fileID: -8679921383154817045, guid: 2eb3307a3a516c54c8505b335e74ee48, type: 3}
      propertyPath: m_LocalEulerAnglesHint.y
      value: -86.47
      objectReference: {fileID: 0}
    - target: {fileID: -8679921383154817045, guid: 2eb3307a3a516c54c8505b335e74ee48, type: 3}
      propertyPath: m_LocalEulerAnglesHint.z
      value: 0
      objectReference: {fileID: 0}
    - target: {fileID: 919132149155446097, guid: 2eb3307a3a516c54c8505b335e74ee48, type: 3}
      propertyPath: m_Name
      value: fbx_weapon_mp5
      objectReference: {fileID: 0}
    m_RemovedComponents: []
  m_SourcePrefab: {fileID: 100100000, guid: 2eb3307a3a516c54c8505b335e74ee48, type: 3}
--- !u!4 &3867352909713292850 stripped
Transform:
  m_CorrespondingSourceObject: {fileID: -8679921383154817045, guid: 2eb3307a3a516c54c8505b335e74ee48, type: 3}
  m_PrefabInstance: {fileID: 3612205236782225881}
  m_PrefabAsset: {fileID: 0}
