%YAML 1.1
%TAG !u! tag:unity3d.com,2011:
--- !u!95 &465389266316590106
Animator:
  serializedVersion: 3
  m_ObjectHideFlags: 0
  m_CorrespondingSourceObject: {fileID: 0}
  m_PrefabInstance: {fileID: 0}
  m_PrefabAsset: {fileID: 0}
  m_GameObject: {fileID: 1006710612048234766}
  m_Enabled: 1
  m_Avatar: {fileID: 0}
  m_Controller: {fileID: 9100000, guid: 229aecb05f9ef5845bfd61be52025333, type: 2}
  m_CullingMode: 0
  m_UpdateMode: 0
  m_ApplyRootMotion: 0
  m_LinearVelocityBlending: 0
  m_WarningMessage: 
  m_HasTransformHierarchy: 1
  m_AllowConstantClipSamplingOptimization: 1
  m_KeepAnimatorControllerStateOnDisable: 0
--- !u!114 &-4395721250438667707
MonoBehaviour:
  m_ObjectHideFlags: 0
  m_CorrespondingSourceObject: {fileID: 0}
  m_PrefabInstance: {fileID: 0}
  m_PrefabAsset: {fileID: 0}
  m_GameObject: {fileID: 3835457516572025076}
  m_Enabled: 1
  m_EditorHideFlags: 0
  m_Script: {fileID: 11500000, guid: 6ec087abd00c46efa53c2f58bd7505b1, type: 3}
  m_Name: 
  m_EditorClassIdentifier: 
--- !u!114 &8299274903884375738
MonoBehaviour:
  m_ObjectHideFlags: 0
  m_CorrespondingSourceObject: {fileID: 0}
  m_PrefabInstance: {fileID: 0}
  m_PrefabAsset: {fileID: 0}
  m_GameObject: {fileID: 3835457516572025076}
  m_Enabled: 1
  m_EditorHideFlags: 0
  m_Script: {fileID: 11500000, guid: 91c3a7f933c74fa484122aaa499d5613, type: 3}
  m_Name: 
  m_EditorClassIdentifier: 
  entityType: 6
  virtualCamera: {fileID: 6719589472425285028}
  armorType: 0
  maxHealth: 20
  minAttack: 0
  maxAttack: 0
  attackDistance: 5
--- !u!1 &5390745400109628041
GameObject:
  m_ObjectHideFlags: 0
  m_CorrespondingSourceObject: {fileID: 0}
  m_PrefabInstance: {fileID: 0}
  m_PrefabAsset: {fileID: 0}
  serializedVersion: 6
  m_Component:
  - component: {fileID: 1498806866996920571}
  - component: {fileID: 4218926841984829686}
  - component: {fileID: 3396716526758560952}
  m_Layer: 0
  m_Name: cool_character
  m_TagString: Untagged
  m_Icon: {fileID: 0}
  m_NavMeshLayer: 0
  m_StaticEditorFlags: 0
  m_IsActive: 0
--- !u!4 &1498806866996920571
Transform:
  m_ObjectHideFlags: 0
  m_CorrespondingSourceObject: {fileID: 0}
  m_PrefabInstance: {fileID: 0}
  m_PrefabAsset: {fileID: 0}
  m_GameObject: {fileID: 5390745400109628041}
  m_LocalRotation: {x: 0, y: 0, z: 0, w: 1}
  m_LocalPosition: {x: 0, y: 1, z: 0}
  m_LocalScale: {x: 0.53172785, y: 0.53172785, z: 0.53172785}
  m_Children: []
  m_Father: {fileID: 3835457516572025072}
  m_RootOrder: 1
  m_LocalEulerAnglesHint: {x: 0, y: 0, z: 0}
--- !u!212 &4218926841984829686
SpriteRenderer:
  m_ObjectHideFlags: 0
  m_CorrespondingSourceObject: {fileID: 0}
  m_PrefabInstance: {fileID: 0}
  m_PrefabAsset: {fileID: 0}
  m_GameObject: {fileID: 5390745400109628041}
  m_Enabled: 1
  m_CastShadows: 0
  m_ReceiveShadows: 0
  m_DynamicOccludee: 1
  m_MotionVectors: 1
  m_LightProbeUsage: 1
  m_ReflectionProbeUsage: 1
  m_RayTracingMode: 0
  m_RayTraceProcedural: 0
  m_RenderingLayerMask: 1
  m_RendererPriority: 0
  m_Materials:
  - {fileID: 10754, guid: 0000000000000000f000000000000000, type: 0}
  m_StaticBatchInfo:
    firstSubMesh: 0
    subMeshCount: 0
  m_StaticBatchRoot: {fileID: 0}
  m_ProbeAnchor: {fileID: 0}
  m_LightProbeVolumeOverride: {fileID: 0}
  m_ScaleInLightmap: 1
  m_ReceiveGI: 1
  m_PreserveUVs: 0
  m_IgnoreNormalsForChartDetection: 0
  m_ImportantGI: 0
  m_StitchLightmapSeams: 1
  m_SelectedEditorRenderState: 0
  m_MinimumChartSize: 4
  m_AutoUVMaxDistance: 0.5
  m_AutoUVMaxAngle: 89
  m_LightmapParameters: {fileID: 0}
  m_SortingLayerID: 0
  m_SortingLayer: 0
  m_SortingOrder: 0
  m_Sprite: {fileID: 21300000, guid: 346b08fca79d8a94983b449d109ea4cc, type: 3}
  m_Color: {r: 1, g: 1, b: 1, a: 1}
  m_FlipX: 0
  m_FlipY: 0
  m_DrawMode: 0
  m_Size: {x: 2.52, y: 4.16}
  m_AdaptiveModeThreshold: 0.5
  m_SpriteTileMode: 0
  m_WasSpriteAssigned: 1
  m_MaskInteraction: 0
  m_SpriteSortPoint: 0
--- !u!114 &3396716526758560952
MonoBehaviour:
  m_ObjectHideFlags: 0
  m_CorrespondingSourceObject: {fileID: 0}
  m_PrefabInstance: {fileID: 0}
  m_PrefabAsset: {fileID: 0}
  m_GameObject: {fileID: 5390745400109628041}
  m_Enabled: 1
  m_EditorHideFlags: 0
  m_Script: {fileID: 11500000, guid: c8db37eebf49463eac98ff4c34a95288, type: 3}
  m_Name: 
  m_EditorClassIdentifier: 
--- !u!1001 &496016695280925948
PrefabInstance:
  m_ObjectHideFlags: 0
  serializedVersion: 2
  m_Modification:
    m_TransformParent: {fileID: 3835457516572025072}
    m_Modifications:
    - target: {fileID: 566275600253179940, guid: a05f6e98cef73254db433d86552c2b58, type: 3}
      propertyPath: m_Name
      value: mob_soldier
      objectReference: {fileID: 0}
    - target: {fileID: 566275600253179943, guid: a05f6e98cef73254db433d86552c2b58, type: 3}
      propertyPath: m_RootOrder
      value: 2
      objectReference: {fileID: 0}
    - target: {fileID: 566275600253179943, guid: a05f6e98cef73254db433d86552c2b58, type: 3}
      propertyPath: m_LocalScale.x
      value: 0.7127375
      objectReference: {fileID: 0}
    - target: {fileID: 566275600253179943, guid: a05f6e98cef73254db433d86552c2b58, type: 3}
      propertyPath: m_LocalScale.y
      value: 0.7127375
      objectReference: {fileID: 0}
    - target: {fileID: 566275600253179943, guid: a05f6e98cef73254db433d86552c2b58, type: 3}
      propertyPath: m_LocalScale.z
      value: 0.7127375
      objectReference: {fileID: 0}
    - target: {fileID: 566275600253179943, guid: a05f6e98cef73254db433d86552c2b58, type: 3}
      propertyPath: m_LocalPosition.x
      value: 0
      objectReference: {fileID: 0}
    - target: {fileID: 566275600253179943, guid: a05f6e98cef73254db433d86552c2b58, type: 3}
      propertyPath: m_LocalPosition.y
      value: -0.12
      objectReference: {fileID: 0}
    - target: {fileID: 566275600253179943, guid: a05f6e98cef73254db433d86552c2b58, type: 3}
      propertyPath: m_LocalPosition.z
      value: 0
      objectReference: {fileID: 0}
    - target: {fileID: 566275600253179943, guid: a05f6e98cef73254db433d86552c2b58, type: 3}
      propertyPath: m_LocalRotation.w
      value: 1
      objectReference: {fileID: 0}
    - target: {fileID: 566275600253179943, guid: a05f6e98cef73254db433d86552c2b58, type: 3}
      propertyPath: m_LocalRotation.x
      value: 0
      objectReference: {fileID: 0}
    - target: {fileID: 566275600253179943, guid: a05f6e98cef73254db433d86552c2b58, type: 3}
      propertyPath: m_LocalRotation.y
      value: 0
      objectReference: {fileID: 0}
    - target: {fileID: 566275600253179943, guid: a05f6e98cef73254db433d86552c2b58, type: 3}
      propertyPath: m_LocalRotation.z
      value: 0
      objectReference: {fileID: 0}
    - target: {fileID: 566275600253179943, guid: a05f6e98cef73254db433d86552c2b58, type: 3}
      propertyPath: m_LocalEulerAnglesHint.x
      value: 0
      objectReference: {fileID: 0}
    - target: {fileID: 566275600253179943, guid: a05f6e98cef73254db433d86552c2b58, type: 3}
      propertyPath: m_LocalEulerAnglesHint.y
      value: 0
      objectReference: {fileID: 0}
    - target: {fileID: 566275600253179943, guid: a05f6e98cef73254db433d86552c2b58, type: 3}
      propertyPath: m_LocalEulerAnglesHint.z
      value: 0
      objectReference: {fileID: 0}
    - target: {fileID: 1649466551508759645, guid: a05f6e98cef73254db433d86552c2b58, type: 3}
      propertyPath: m_LocalPosition.x
      value: -0.4033199
      objectReference: {fileID: 0}
    - target: {fileID: 1649466551508759645, guid: a05f6e98cef73254db433d86552c2b58, type: 3}
      propertyPath: m_LocalPosition.y
      value: -0.6519976
      objectReference: {fileID: 0}
    - target: {fileID: 1649466551508759645, guid: a05f6e98cef73254db433d86552c2b58, type: 3}
      propertyPath: m_LocalPosition.z
      value: 0.09877519
      objectReference: {fileID: 0}
    - target: {fileID: 1649466551508759645, guid: a05f6e98cef73254db433d86552c2b58, type: 3}
      propertyPath: m_LocalRotation.w
      value: -0.23852034
      objectReference: {fileID: 0}
    - target: {fileID: 1649466551508759645, guid: a05f6e98cef73254db433d86552c2b58, type: 3}
      propertyPath: m_LocalRotation.x
      value: -4.3876704e-17
      objectReference: {fileID: 0}
    - target: {fileID: 1649466551508759645, guid: a05f6e98cef73254db433d86552c2b58, type: 3}
      propertyPath: m_LocalRotation.y
      value: 5.6823466e-18
      objectReference: {fileID: 0}
    - target: {fileID: 1649466551508759645, guid: a05f6e98cef73254db433d86552c2b58, type: 3}
      propertyPath: m_LocalRotation.z
      value: 0.9711375
      objectReference: {fileID: 0}
    - target: {fileID: 1649466551508759645, guid: a05f6e98cef73254db433d86552c2b58, type: 3}
      propertyPath: m_LocalEulerAnglesHint.x
      value: 0
      objectReference: {fileID: 0}
    - target: {fileID: 1649466551508759645, guid: a05f6e98cef73254db433d86552c2b58, type: 3}
      propertyPath: m_LocalEulerAnglesHint.y
      value: 0
      objectReference: {fileID: 0}
    - target: {fileID: 1649466551508759645, guid: a05f6e98cef73254db433d86552c2b58, type: 3}
      propertyPath: m_LocalEulerAnglesHint.z
      value: 0
      objectReference: {fileID: 0}
    - target: {fileID: 2233502096260400211, guid: a05f6e98cef73254db433d86552c2b58, type: 3}
      propertyPath: m_LocalPosition.x
      value: 0.7206469
      objectReference: {fileID: 0}
    - target: {fileID: 2233502096260400211, guid: a05f6e98cef73254db433d86552c2b58, type: 3}
      propertyPath: m_LocalPosition.y
      value: -0.6944416
      objectReference: {fileID: 0}
    - target: {fileID: 3515974055560814574, guid: a05f6e98cef73254db433d86552c2b58, type: 3}
      propertyPath: m_LocalPosition.x
      value: -0.7666556
      objectReference: {fileID: 0}
    - target: {fileID: 3515974055560814574, guid: a05f6e98cef73254db433d86552c2b58, type: 3}
      propertyPath: m_LocalPosition.y
      value: -0.001365387
      objectReference: {fileID: 0}
    - target: {fileID: 3515974055560814574, guid: a05f6e98cef73254db433d86552c2b58, type: 3}
      propertyPath: m_LocalPosition.z
      value: 0.09877519
      objectReference: {fileID: 0}
    - target: {fileID: 3515974055560814574, guid: a05f6e98cef73254db433d86552c2b58, type: 3}
      propertyPath: m_LocalRotation.w
      value: 5.9039043e-17
      objectReference: {fileID: 0}
    - target: {fileID: 3515974055560814574, guid: a05f6e98cef73254db433d86552c2b58, type: 3}
      propertyPath: m_LocalRotation.x
      value: 0.9641807
      objectReference: {fileID: 0}
    - target: {fileID: 3515974055560814574, guid: a05f6e98cef73254db433d86552c2b58, type: 3}
      propertyPath: m_LocalRotation.y
      value: 0.26524615
      objectReference: {fileID: 0}
    - target: {fileID: 3515974055560814574, guid: a05f6e98cef73254db433d86552c2b58, type: 3}
      propertyPath: m_LocalRotation.z
      value: 1.6241643e-17
      objectReference: {fileID: 0}
    - target: {fileID: 3515974055560814574, guid: a05f6e98cef73254db433d86552c2b58, type: 3}
      propertyPath: m_LocalEulerAnglesHint.x
      value: 0
      objectReference: {fileID: 0}
    - target: {fileID: 3515974055560814574, guid: a05f6e98cef73254db433d86552c2b58, type: 3}
      propertyPath: m_LocalEulerAnglesHint.y
      value: 0
      objectReference: {fileID: 0}
    - target: {fileID: 3515974055560814574, guid: a05f6e98cef73254db433d86552c2b58, type: 3}
      propertyPath: m_LocalEulerAnglesHint.z
      value: 0
      objectReference: {fileID: 0}
    - target: {fileID: 4910370964154242414, guid: a05f6e98cef73254db433d86552c2b58, type: 3}
      propertyPath: m_LocalPosition.x
      value: 0.1972203
      objectReference: {fileID: 0}
    - target: {fileID: 4910370964154242414, guid: a05f6e98cef73254db433d86552c2b58, type: 3}
      propertyPath: m_LocalPosition.z
      value: 0
      objectReference: {fileID: 0}
    - target: {fileID: 4910370964154242414, guid: a05f6e98cef73254db433d86552c2b58, type: 3}
      propertyPath: m_LocalRotation.w
      value: -3.8677424e-17
      objectReference: {fileID: 0}
    - target: {fileID: 4910370964154242414, guid: a05f6e98cef73254db433d86552c2b58, type: 3}
      propertyPath: m_LocalRotation.x
      value: 0.91465694
      objectReference: {fileID: 0}
    - target: {fileID: 4910370964154242414, guid: a05f6e98cef73254db433d86552c2b58, type: 3}
      propertyPath: m_LocalRotation.y
      value: 0.40423095
      objectReference: {fileID: 0}
    - target: {fileID: 4910370964154242414, guid: a05f6e98cef73254db433d86552c2b58, type: 3}
      propertyPath: m_LocalRotation.z
      value: -6.396285e-17
      objectReference: {fileID: 0}
    - target: {fileID: 4910370964154242414, guid: a05f6e98cef73254db433d86552c2b58, type: 3}
      propertyPath: m_LocalEulerAnglesHint.x
      value: 0
      objectReference: {fileID: 0}
    - target: {fileID: 4910370964154242414, guid: a05f6e98cef73254db433d86552c2b58, type: 3}
      propertyPath: m_LocalEulerAnglesHint.y
      value: 0
      objectReference: {fileID: 0}
    - target: {fileID: 4910370964154242414, guid: a05f6e98cef73254db433d86552c2b58, type: 3}
      propertyPath: m_LocalEulerAnglesHint.z
      value: 0
      objectReference: {fileID: 0}
    - target: {fileID: 5547411802929638010, guid: a05f6e98cef73254db433d86552c2b58, type: 3}
      propertyPath: m_LocalRotation.w
      value: 0.9998995
      objectReference: {fileID: 0}
    - target: {fileID: 5547411802929638010, guid: a05f6e98cef73254db433d86552c2b58, type: 3}
      propertyPath: m_LocalRotation.x
      value: 0
      objectReference: {fileID: 0}
    - target: {fileID: 5547411802929638010, guid: a05f6e98cef73254db433d86552c2b58, type: 3}
      propertyPath: m_LocalRotation.y
      value: 0
      objectReference: {fileID: 0}
    - target: {fileID: 5547411802929638010, guid: a05f6e98cef73254db433d86552c2b58, type: 3}
      propertyPath: m_LocalRotation.z
      value: 0.014180119
      objectReference: {fileID: 0}
    - target: {fileID: 5547411802929638010, guid: a05f6e98cef73254db433d86552c2b58, type: 3}
      propertyPath: m_LocalEulerAnglesHint.z
      value: 0
      objectReference: {fileID: 0}
    - target: {fileID: 5608707136811176113, guid: a05f6e98cef73254db433d86552c2b58, type: 3}
      propertyPath: m_Materials.Array.data[0]
      value: 
      objectReference: {fileID: 2100000, guid: 178d12feb291f0146a9ebc98162e13bf, type: 2}
    - target: {fileID: 7920029558335145917, guid: a05f6e98cef73254db433d86552c2b58, type: 3}
      propertyPath: m_LocalPosition.x
      value: -0.93958026
      objectReference: {fileID: 0}
    - target: {fileID: 7920029558335145917, guid: a05f6e98cef73254db433d86552c2b58, type: 3}
      propertyPath: m_LocalPosition.y
      value: -0.2321705
      objectReference: {fileID: 0}
    - target: {fileID: 7920029558335145917, guid: a05f6e98cef73254db433d86552c2b58, type: 3}
      propertyPath: m_LocalPosition.z
      value: -0.0000001482706
      objectReference: {fileID: 0}
    - target: {fileID: 7920029558335145917, guid: a05f6e98cef73254db433d86552c2b58, type: 3}
      propertyPath: m_LocalRotation.w
      value: 0.92575204
      objectReference: {fileID: 0}
    - target: {fileID: 7920029558335145917, guid: a05f6e98cef73254db433d86552c2b58, type: 3}
      propertyPath: m_LocalRotation.x
      value: 0
      objectReference: {fileID: 0}
    - target: {fileID: 7920029558335145917, guid: a05f6e98cef73254db433d86552c2b58, type: 3}
      propertyPath: m_LocalRotation.y
      value: 0
      objectReference: {fileID: 0}
    - target: {fileID: 7920029558335145917, guid: a05f6e98cef73254db433d86552c2b58, type: 3}
      propertyPath: m_LocalRotation.z
      value: 0.37813112
      objectReference: {fileID: 0}
    - target: {fileID: 7920029558335145917, guid: a05f6e98cef73254db433d86552c2b58, type: 3}
      propertyPath: m_LocalEulerAnglesHint.x
      value: 0
      objectReference: {fileID: 0}
    - target: {fileID: 7920029558335145917, guid: a05f6e98cef73254db433d86552c2b58, type: 3}
      propertyPath: m_LocalEulerAnglesHint.y
      value: 0
      objectReference: {fileID: 0}
    - target: {fileID: 7920029558335145917, guid: a05f6e98cef73254db433d86552c2b58, type: 3}
      propertyPath: m_LocalEulerAnglesHint.z
      value: 0
      objectReference: {fileID: 0}
    - target: {fileID: 8763486805252721568, guid: a05f6e98cef73254db433d86552c2b58, type: 3}
      propertyPath: m_LocalPosition.x
      value: 0
      objectReference: {fileID: 0}
    - target: {fileID: 8763486805252721568, guid: a05f6e98cef73254db433d86552c2b58, type: 3}
      propertyPath: m_LocalPosition.y
      value: 3.7159457
      objectReference: {fileID: 0}
    m_RemovedComponents:
    - {fileID: 4522792537727565699, guid: a05f6e98cef73254db433d86552c2b58, type: 3}
  m_SourcePrefab: {fileID: 100100000, guid: a05f6e98cef73254db433d86552c2b58, type: 3}
--- !u!1 &1006710612048234766 stripped
GameObject:
  m_CorrespondingSourceObject: {fileID: 800155816008201714, guid: a05f6e98cef73254db433d86552c2b58, type: 3}
  m_PrefabInstance: {fileID: 496016695280925948}
  m_PrefabAsset: {fileID: 0}
--- !u!4 &6590470520144472444 stripped
Transform:
  m_CorrespondingSourceObject: {fileID: 6743078911879730560, guid: a05f6e98cef73254db433d86552c2b58, type: 3}
  m_PrefabInstance: {fileID: 496016695280925948}
  m_PrefabAsset: {fileID: 0}
--- !u!1001 &1086395987450244183
PrefabInstance:
  m_ObjectHideFlags: 0
  serializedVersion: 2
  m_Modification:
    m_TransformParent: {fileID: 0}
    m_Modifications:
    - target: {fileID: 1856261472192598470, guid: 1d6bc042df1639a44ba9118fd813e7ed, type: 3}
      propertyPath: m_LocalPosition.y
      value: 1.881
      objectReference: {fileID: 0}
    - target: {fileID: 4191143914712927385, guid: 1d6bc042df1639a44ba9118fd813e7ed, type: 3}
      propertyPath: animator
      value: 
      objectReference: {fileID: 465389266316590106}
    - target: {fileID: 4191143914712927395, guid: 1d6bc042df1639a44ba9118fd813e7ed, type: 3}
      propertyPath: m_Name
      value: mob_soldier
      objectReference: {fileID: 0}
    - target: {fileID: 4191143914712927396, guid: 1d6bc042df1639a44ba9118fd813e7ed, type: 3}
      propertyPath: entityType
      value: 6
      objectReference: {fileID: 0}
    - target: {fileID: 4191143914712927397, guid: 1d6bc042df1639a44ba9118fd813e7ed, type: 3}
      propertyPath: m_Speed
      value: 2
      objectReference: {fileID: 0}
    - target: {fileID: 4191143914712927398, guid: 1d6bc042df1639a44ba9118fd813e7ed, type: 3}
      propertyPath: m_Enabled
      value: 0
      objectReference: {fileID: 0}
    - target: {fileID: 4191143914712927399, guid: 1d6bc042df1639a44ba9118fd813e7ed, type: 3}
      propertyPath: m_RootOrder
      value: 0
      objectReference: {fileID: 0}
    - target: {fileID: 4191143914712927399, guid: 1d6bc042df1639a44ba9118fd813e7ed, type: 3}
      propertyPath: m_LocalPosition.x
      value: 4
      objectReference: {fileID: 0}
    - target: {fileID: 4191143914712927399, guid: 1d6bc042df1639a44ba9118fd813e7ed, type: 3}
      propertyPath: m_LocalPosition.y
      value: 0
      objectReference: {fileID: 0}
    - target: {fileID: 4191143914712927399, guid: 1d6bc042df1639a44ba9118fd813e7ed, type: 3}
      propertyPath: m_LocalPosition.z
      value: 0
      objectReference: {fileID: 0}
    - target: {fileID: 4191143914712927399, guid: 1d6bc042df1639a44ba9118fd813e7ed, type: 3}
      propertyPath: m_LocalRotation.w
      value: 1
      objectReference: {fileID: 0}
    - target: {fileID: 4191143914712927399, guid: 1d6bc042df1639a44ba9118fd813e7ed, type: 3}
      propertyPath: m_LocalRotation.x
      value: 0
      objectReference: {fileID: 0}
    - target: {fileID: 4191143914712927399, guid: 1d6bc042df1639a44ba9118fd813e7ed, type: 3}
      propertyPath: m_LocalRotation.y
      value: 0
      objectReference: {fileID: 0}
    - target: {fileID: 4191143914712927399, guid: 1d6bc042df1639a44ba9118fd813e7ed, type: 3}
      propertyPath: m_LocalRotation.z
      value: 0
      objectReference: {fileID: 0}
    - target: {fileID: 4191143914712927399, guid: 1d6bc042df1639a44ba9118fd813e7ed, type: 3}
      propertyPath: m_LocalEulerAnglesHint.x
      value: 0
      objectReference: {fileID: 0}
    - target: {fileID: 4191143914712927399, guid: 1d6bc042df1639a44ba9118fd813e7ed, type: 3}
      propertyPath: m_LocalEulerAnglesHint.y
      value: 0
      objectReference: {fileID: 0}
    - target: {fileID: 4191143914712927399, guid: 1d6bc042df1639a44ba9118fd813e7ed, type: 3}
      propertyPath: m_LocalEulerAnglesHint.z
      value: 0
      objectReference: {fileID: 0}
    - target: {fileID: 4191143914988864888, guid: 1d6bc042df1639a44ba9118fd813e7ed, type: 3}
      propertyPath: m_Materials.Array.data[0]
      value: 
      objectReference: {fileID: 2100000, guid: 407b558661b0eae4480acca8cb96dfbc, type: 2}
    - target: {fileID: 4191143914988864902, guid: 1d6bc042df1639a44ba9118fd813e7ed, type: 3}
      propertyPath: m_IsActive
      value: 0
      objectReference: {fileID: 0}
    - target: {fileID: 4191143915255525461, guid: 1d6bc042df1639a44ba9118fd813e7ed, type: 3}
      propertyPath: m_Materials.Array.data[0]
      value: 
      objectReference: {fileID: 2100000, guid: 407b558661b0eae4480acca8cb96dfbc, type: 2}
    - target: {fileID: 4191143915447831117, guid: 1d6bc042df1639a44ba9118fd813e7ed, type: 3}
      propertyPath: m_IsActive
      value: 0
      objectReference: {fileID: 0}
    - target: {fileID: 4191143915447831119, guid: 1d6bc042df1639a44ba9118fd813e7ed, type: 3}
      propertyPath: m_Materials.Array.data[0]
      value: 
      objectReference: {fileID: 2100000, guid: 407b558661b0eae4480acca8cb96dfbc, type: 2}
    m_RemovedComponents:
    - {fileID: 4191143914712927396, guid: 1d6bc042df1639a44ba9118fd813e7ed, type: 3}
    - {fileID: 4191143914712927384, guid: 1d6bc042df1639a44ba9118fd813e7ed, type: 3}
  m_SourcePrefab: {fileID: 100100000, guid: 1d6bc042df1639a44ba9118fd813e7ed, type: 3}
--- !u!1 &3835457516572025076 stripped
GameObject:
  m_CorrespondingSourceObject: {fileID: 4191143914712927395, guid: 1d6bc042df1639a44ba9118fd813e7ed, type: 3}
  m_PrefabInstance: {fileID: 1086395987450244183}
  m_PrefabAsset: {fileID: 0}
--- !u!4 &3835457516572025072 stripped
Transform:
  m_CorrespondingSourceObject: {fileID: 4191143914712927399, guid: 1d6bc042df1639a44ba9118fd813e7ed, type: 3}
  m_PrefabInstance: {fileID: 1086395987450244183}
  m_PrefabAsset: {fileID: 0}
--- !u!114 &6719589472425285028 stripped
MonoBehaviour:
  m_CorrespondingSourceObject: {fileID: 5932191103657490931, guid: 1d6bc042df1639a44ba9118fd813e7ed, type: 3}
  m_PrefabInstance: {fileID: 1086395987450244183}
  m_PrefabAsset: {fileID: 0}
  m_GameObject: {fileID: 0}
  m_Enabled: 1
  m_EditorHideFlags: 0
  m_Script: {fileID: 11500000, guid: 45e653bab7fb20e499bda25e1b646fea, type: 3}
  m_Name: 
  m_EditorClassIdentifier: 
--- !u!1001 &7667225468427477618
PrefabInstance:
  m_ObjectHideFlags: 0
  serializedVersion: 2
  m_Modification:
    m_TransformParent: {fileID: 6590470520144472444}
    m_Modifications:
    - target: {fileID: 3081537535608105944, guid: ed6b1a3e95e4247429a8786600a921f8, type: 3}
      propertyPath: m_Name
      value: model_weapon_melee
      objectReference: {fileID: 0}
    - target: {fileID: 6471526473745478168, guid: ed6b1a3e95e4247429a8786600a921f8, type: 3}
      propertyPath: m_RootOrder
      value: 0
      objectReference: {fileID: 0}
    - target: {fileID: 6471526473745478168, guid: ed6b1a3e95e4247429a8786600a921f8, type: 3}
      propertyPath: m_LocalPosition.x
      value: 0
      objectReference: {fileID: 0}
    - target: {fileID: 6471526473745478168, guid: ed6b1a3e95e4247429a8786600a921f8, type: 3}
      propertyPath: m_LocalPosition.y
      value: 0
      objectReference: {fileID: 0}
    - target: {fileID: 6471526473745478168, guid: ed6b1a3e95e4247429a8786600a921f8, type: 3}
      propertyPath: m_LocalPosition.z
      value: 0
      objectReference: {fileID: 0}
    - target: {fileID: 6471526473745478168, guid: ed6b1a3e95e4247429a8786600a921f8, type: 3}
      propertyPath: m_LocalRotation.w
      value: 1
      objectReference: {fileID: 0}
    - target: {fileID: 6471526473745478168, guid: ed6b1a3e95e4247429a8786600a921f8, type: 3}
      propertyPath: m_LocalRotation.x
      value: 0
      objectReference: {fileID: 0}
    - target: {fileID: 6471526473745478168, guid: ed6b1a3e95e4247429a8786600a921f8, type: 3}
      propertyPath: m_LocalRotation.y
      value: 0
      objectReference: {fileID: 0}
    - target: {fileID: 6471526473745478168, guid: ed6b1a3e95e4247429a8786600a921f8, type: 3}
      propertyPath: m_LocalRotation.z
      value: 0
      objectReference: {fileID: 0}
    - target: {fileID: 6471526473745478168, guid: ed6b1a3e95e4247429a8786600a921f8, type: 3}
      propertyPath: m_LocalEulerAnglesHint.x
      value: 0
      objectReference: {fileID: 0}
    - target: {fileID: 6471526473745478168, guid: ed6b1a3e95e4247429a8786600a921f8, type: 3}
      propertyPath: m_LocalEulerAnglesHint.y
      value: 0
      objectReference: {fileID: 0}
    - target: {fileID: 6471526473745478168, guid: ed6b1a3e95e4247429a8786600a921f8, type: 3}
      propertyPath: m_LocalEulerAnglesHint.z
      value: 0
      objectReference: {fileID: 0}
    m_RemovedComponents: []
  m_SourcePrefab: {fileID: 100100000, guid: ed6b1a3e95e4247429a8786600a921f8, type: 3}
